<?xml version="1.0" encoding="UTF-8"?><collection xmlns="http://www.loc.gov/MARC21/slim"><record><leader>00483nam--2200145-i-4500</leader><controlfield tag="001">000013667</controlfield><controlfield tag="002">20161230</controlfield><controlfield tag="005">20161230201030</controlfield><controlfield tag="008">060222s1000------------r-----000-0-eng-d</controlfield><datafield ind1=" " ind2=" " tag="080"><subfield code="a">621.375.826</subfield></datafield><datafield ind1=" " ind2=" " tag="100"><subfield code="a">Saunders, Richard /S.A.</subfield></datafield><datafield ind1=" " ind2=" " tag="245"><subfield code="a">Lasers.operation, equipment, application and design. prepared by the engineering staff of coherent, inc.palo alto, california</subfield></datafield><datafield ind1=" " ind2=" " tag="260"><subfield code="a">New York, Mcgraw-hill Book Company, 1980. Vii + 216 P</subfield></datafield><datafield ind1=" " ind2=" " tag="700"><subfield code="a">Bellis, Jeanett</subfield></datafield><datafield ind1=" " ind2=" " tag="852"><subfield code="a">49180</subfield></datafield></record></collection>